<?xml version="1.0" encoding="utf-8"?>
<record xmlns="http://www.loc.gov/MARC21/slim" xmlns:xsi="http://www.w3.org/2001/XMLSchema-instance" xsi:schemaLocation="http://www.loc.gov/MARC21/slim http://www.loc.gov/standards/marcxml/schema/MARC21slim.xsd">
	<leader>     nam a22     Mi 4500</leader>
	<controlfield tag="001">b13322436</controlfield>
	<controlfield tag="003">UaCaAUL</controlfield>
	<controlfield tag="006">m        d        </controlfield>
	<controlfield tag="007">cr cn |||m|||a</controlfield>
	<controlfield tag="008">191001s1941    ua      ob    000 0 ara  </controlfield>
	<datafield ind1=" " ind2=" " tag="040">
		<subfield code="a">ZYU</subfield>
		<subfield code="b">ara</subfield>
		<subfield code="e">rda</subfield>
		<subfield code="c">ZYU</subfield>
	</datafield>
	<datafield ind1=" " ind2=" " tag="090">
		<subfield code="a">PJ6101</subfield>
		<subfield code="b">.I19 1941</subfield>
	</datafield>
	<datafield ind1="1" ind2=" " tag="100">
		<subfield code="6">880-01</subfield>
		<subfield code="a">Ibn Hishām, ʻAbd Allāh ibn Yūsuf,</subfield>
		<subfield code="d">1309-1360,</subfield>
		<subfield code="e">author.</subfield>
	</datafield>
	<datafield ind1="1" ind2="0" tag="240">
		<subfield code="6">880-02</subfield>
		<subfield code="a">Qaṭr al-nadá wa-ball al-ṣadá</subfield>
	</datafield>
	<datafield ind1="1" ind2="0" tag="245">
		<subfield code="6">880-03</subfield>
		<subfield code="a">Sharḥ Qaṭr al-nadá wa-ball al-ṣadá /</subfield>
		<subfield code="c">taṣnīf Abī Muḥammad ʻAbd Allāh Jamāl al-Dīn ibn Hishām al-Anṣārī, al-mutawaffá sanat 761 min al-Hijrah ; ḥaqqaqahu wa-ḍabaṭa gharībahu wa-sharaḥa shawāhidihi Muḥammad Muḥyī al-Dīn ʻAbd al-Ḥamīd, al-ustādh fī Qism al-Takhaṣṣuṣ bi-Kullīyat al-Lughah al-ʻArabīyah bi-al-Jāmiʻ al-Azʹhar wa-ustādh al-Sharīʻah al-Islāmīyah bi-Kullīyat al-Ḥuqūq bi-al-Kharṭūm.</subfield>
	</datafield>
	<datafield ind1=" " ind2=" " tag="250">
		<subfield code="6">880-04</subfield>
		<subfield code="a">al-Ṭabʻah al-thāniyah, mazīdah wa-munaqqaḥah.</subfield>
	</datafield>
	<datafield ind1=" " ind2="1" tag="264">
		<subfield code="6">880-05</subfield>
		<subfield code="a">al-Qāhirah :</subfield>
		<subfield code="b">Yuṭlab Min al-Maktabah al-Tijārīyah al-Kubrá,</subfield>
		<subfield code="c">1360 H, 1941 M.</subfield>
	</datafield>
	<datafield ind1=" " ind2="3" tag="264">
		<subfield code="6">880-06</subfield>
		<subfield code="a">[Cairo] :</subfield>
		<subfield code="b">Maṭbaʻat al-Istiqāmah.</subfield>
	</datafield>
	<datafield ind1=" " ind2=" " tag="300">
		<subfield code="a">online resource (391 pages)</subfield>
	</datafield>
	<datafield ind1=" " ind2=" " tag="336">
		<subfield code="a">text</subfield>
		<subfield code="2">rdacontent</subfield>
	</datafield>
	<datafield ind1=" " ind2=" " tag="337">
		<subfield code="a">computer</subfield>
		<subfield code="2">rdamedia</subfield>
	</datafield>
	<datafield ind1=" " ind2=" " tag="338">
		<subfield code="a">online resource</subfield>
		<subfield code="2">rdacarrier</subfield>
	</datafield>
	<datafield ind1=" " ind2=" " tag="500">
		<subfield code="6">880-07</subfield>
		<subfield code="a">At head of title page: Qarrarat al-Idārah al-ʻĀmmah lil-Jāmiʻ al-Azʹhar tadrīs hādhā al-kitāb li-ṭalabat al-sanah al-thālithah al-ibtidāʼīyah fī al-maʻāhid al-dīnīyah.</subfield>
	</datafield>
	<datafield ind1=" " ind2=" " tag="500">
		<subfield code="a">Part of the Arabic Collections Online (ACO) project, contributed by American University in Cairo Library.</subfield>
	</datafield>
	<datafield ind1=" " ind2=" " tag="504">
		<subfield code="a">Includes bibliographical references.</subfield>
	</datafield>
	<datafield ind1=" " ind2=" " tag="533">
		<subfield code="a">Electronic reproduction.</subfield>
		<subfield code="b">New York, N.Y. :</subfield>
		<subfield code="c">New York University,</subfield>
		<subfield code="d">2019.</subfield>
		<subfield code="5">NNU</subfield>
	</datafield>
	<datafield ind1=" " ind2="0" tag="650">
		<subfield code="a">Arabic language</subfield>
		<subfield code="x">Grammar.</subfield>
	</datafield>
	<datafield ind1=" " ind2="7" tag="650">
		<subfield code="a">Arabic language</subfield>
		<subfield code="x">Grammar.</subfield>
		<subfield code="2">fast</subfield>
		<subfield code="0">(OCoLC)fst00812341</subfield>
	</datafield>
	<datafield ind1="1" ind2=" " tag="700">
		<subfield code="6">880-08</subfield>
		<subfield code="a">ʻAbd al-Ḥamīd, Muḥammad Muḥyī al-Dīn,</subfield>
		<subfield code="e">editor.</subfield>
	</datafield>
	<datafield ind1="2" ind2=" " tag="710">
		<subfield code="a">American University in Cairo.</subfield>
		<subfield code="b">Library.</subfield>
	</datafield>
	<datafield ind1="0" ind2=" " tag="730">
		<subfield code="a">Arabic Collections Online.</subfield>
	</datafield>
	<datafield ind1="0" ind2="8" tag="776">
		<subfield code="i">Print version:</subfield>
		<subfield code="a">Ibn Hishām, ʻAbd Allāh ibn Yūsuf, 1309-1360, author.</subfield>
		<subfield code="t">Sharḥ Qaṭr al-nadá wa-ball al-ṣadá</subfield>
		<subfield code="w">(UaCaAUL)b13322436</subfield>
		<subfield code="w">(OCoLC)1086172701</subfield>
	</datafield>
	<datafield ind1="4" ind2="0" tag="856">
		<subfield code="u">http://hdl.handle.net/2333.1/5qfttps3</subfield>
	</datafield>
	<datafield ind1="1" ind2=" " tag="880">
		<subfield code="6">100-01</subfield>
		<subfield code="a">ابن هشام، عبد الله بن يوسف،,</subfield>
		<subfield code="d">1309-1360.</subfield>
	</datafield>
	<datafield ind1="1" ind2="0" tag="880">
		<subfield code="6">240-02</subfield>
		<subfield code="a">قطر الندى وبل الصدى</subfield>
	</datafield>
	<datafield ind1="1" ind2="0" tag="880">
		<subfield code="6">245-03</subfield>
		<subfield code="a">شرح قطر الندى وبل الصدى /</subfield>
		<subfield code="c">تصنيف أبي محمد عبد الله جمال الدين بن هشام الأنصاري، المتوفى سنة 761 من الهجرة ؛ حققه وضبط غريبه وشرح شواهده محمد محيي الدين عبد الحميد، الأستاذ في قسم التخصص بكلية اللغة العربية بالجامع الأزهر وأستاذ الشريعة الإسلامية بكلية الحقوق بالخرطوم.</subfield>
	</datafield>
	<datafield ind1=" " ind2=" " tag="880">
		<subfield code="6">250-04</subfield>
		<subfield code="a">الطبعة الثانية، مزيدة ومنقحة.</subfield>
	</datafield>
	<datafield ind1=" " ind2="1" tag="880">
		<subfield code="6">264-05</subfield>
		<subfield code="a">القاهرة :</subfield>
		<subfield code="b">يطلب من المكتبة التجارية الكبرى،</subfield>
		<subfield code="c">1360 هـ، 1941 م.</subfield>
	</datafield>
	<datafield ind1=" " ind2="3" tag="880">
		<subfield code="6">264-06</subfield>
		<subfield code="a">[Caiiro] :</subfield>
		<subfield code="b">مطبعة الاستقامة.</subfield>
	</datafield>
	<datafield ind1=" " ind2=" " tag="880">
		<subfield code="6">500-07</subfield>
		<subfield code="a">At head of title page: قررت الإدارة العامة للجامع الأزهر تدريس هذه الكتاب لطلبة السنة الثالثة الإبتدائية في المعاهد الدينية.</subfield>
	</datafield>
	<datafield ind1="1" ind2=" " tag="880">
		<subfield code="6">700-08</subfield>
		<subfield code="a">عبد الحميد، محمد محيي الدين.</subfield>
	</datafield>
	<datafield ind1=" " ind2=" " tag="959">
		<subfield code="a">NNU</subfield>
		<subfield code="b">WEB</subfield>
		<subfield code="c">GENI</subfield>
		<subfield code="t">0</subfield>
		<subfield code="m">Electronic access</subfield>
		<subfield code="s">01</subfield>
	</datafield>
	<datafield ind1=" " ind2=" " tag="999">
		<subfield code="i">UaCaAUL_b13322436</subfield>
		<subfield code="o">(OCoLC)on1086172701</subfield>
		<subfield code="s">auc_aco000948:</subfield>
	</datafield>
</record>
